@misc{brockman2016openai,
    title={OpenAI Gym},
    author={Greg Brockman and Vicki Cheung and Ludwig Pettersson and Jonas Schneider and John Schulman and Jie Tang and Wojciech Zaremba},
    year={2016},
    eprint={1606.01540},
    archivePrefix={arXiv},
    primaryClass={cs.LG}
}

@article{watkins1992q,
  title={Q-learning},
  author={Watkins, Christopher JCH and Dayan, Peter},
  journal={Machine learning},
  volume={8},
  number={3-4},
  pages={279--292},
  year={1992},
  publisher={Springer}
}

@misc{mnih2013playing,
    title={Playing Atari with Deep Reinforcement Learning},
    author={Volodymyr Mnih and Koray Kavukcuoglu and David Silver and Alex Graves and Ioannis Antonoglou and Daan Wierstra and Martin Riedmiller},
    year={2013},
    eprint={1312.5602},
    archivePrefix={arXiv},
    primaryClass={cs.LG}
}

@misc{parmar2018image,
    title={Image Transformer},
    author={Niki Parmar and Ashish Vaswani and Jakob Uszkoreit and ≈Åukasz Kaiser and Noam Shazeer and Alexander Ku and Dustin Tran},
    year={2018},
    eprint={1802.05751},
    archivePrefix={arXiv},
    primaryClass={cs.CV}
}

@misc{vaswani2017attention,
    title={Attention Is All You Need},
    author={Ashish Vaswani and Noam Shazeer and Niki Parmar and Jakob Uszkoreit and Llion Jones and Aidan N. Gomez and Lukasz Kaiser and Illia Polosukhin},
    year={2017},
    eprint={1706.03762},
    archivePrefix={arXiv},
    primaryClass={cs.CL}
}

@misc{finn2016generalizing,
    title={Generalizing Skills with Semi-Supervised Reinforcement Learning},
    author={Chelsea Finn and Tianhe Yu and Justin Fu and Pieter Abbeel and Sergey Levine},
    year={2016},
    eprint={1612.00429},
    archivePrefix={arXiv},
    primaryClass={cs.LG}
}

@misc{henderson2017benchmark,
    title={Benchmark Environments for Multitask Learning in Continuous Domains},
    author={Peter Henderson and Wei-Di Chang and Florian Shkurti and Johanna Hansen and David Meger and Gregory Dudek},
    year={2017},
    eprint={1708.04352},
    archivePrefix={arXiv},
    primaryClass={cs.AI}
}

@misc{jaderberg2016reinforcement,
    title={Reinforcement Learning with Unsupervised Auxiliary Tasks},
    author={Max Jaderberg and Volodymyr Mnih and Wojciech Marian Czarnecki and Tom Schaul and Joel Z Leibo and David Silver and Koray Kavukcuoglu},
    year={2016},
    eprint={1611.05397},
    archivePrefix={arXiv},
    primaryClass={cs.LG}
}